@inproceedings{bettenburg-fse-2008,
    title = "What Makes a Good Bug Report?",
    author = "Nicolas Bettenburg and Sascha Just and Adrian Schr√∂ter and Cathrin Weiss and Rahul Premraj and Thomas
Zimmermann",
    year = "2008",
    month = "November",
    booktitle = "Proceedings of the 16th International Symposium on Foundations of Software Engineering",
    location = "Atlanta, GA, USA",
}


@Misc{kaner:_bug_advoc,
  author =    {Cem Kaner},
  title =     {Bug Advocacy},
  note =      {Retrieved from: \url{http://www.kaner.com/pdfs/bugadvoc.pdf}. Retrieved March 12, 2015.}}

